<?xml version="1.0" encoding="UTF-8"?><collection xmlns="http://www.loc.gov/MARC21/slim"><record><leader>00395nam--2200133-i-4500</leader><controlfield tag="001">000028928</controlfield><controlfield tag="002">20161230</controlfield><controlfield tag="005">20161230201037</controlfield><controlfield tag="008">060222s1000------------r-----000-0-eng-d</controlfield><datafield ind1=" " ind2=" " tag="080"><subfield code="a">530.145.6</subfield></datafield><datafield ind1=" " ind2=" " tag="100"><subfield code="a">Leblond, Jean-marc L</subfield></datafield><datafield ind1=" " ind2=" " tag="245"><subfield code="a">Sur l`invariance galileenne en mecanique quantique et ses applications. theses</subfield></datafield><datafield ind1=" " ind2=" " tag="260"><subfield code="a">Paris, La Faculte Des Sciences, 1965. Viii + 198p</subfield></datafield><datafield ind1=" " ind2=" " tag="852"><subfield code="a">25380</subfield></datafield></record></collection>